@misc{GitHub,
  author = {Multiple Contributors},
  title = {Matplotlib},
  year = 2002,
  note = {https://github.com/matplotlib/matplotlib},
}

@misc{Contri,
  author = {The Matplotlib development team},
  title = {Matplotlib Contributing},
  year = 2021,
  note = {https://matplotlib.org/devdocs/devel/contributing.html},
}

@misc{Release,
  author = {The Matplotlib development team},
  title = {Matplotlib Release Notes},
  year = 2021,
  note = {https://matplotlib.org/stable/users/release\_notes},
}